@article{sangeeta,
    author =       "Sangeeta Gupta et al.",
    title =        "Efficient Query Analysis and Performance Evaluation of the Nosql Data Store for BigData",
    journal =      "Proceedings of the First International Conference on Computational Intelligence and Informatics. Advances in Intelligent Systems and Computing",
    volume =       "507",
    pages =        "549--558",
    year =         "2016",
    DOI =          "https://doi.org/10.1007/978-981-10-2471-9_53"
}

@article{lerner,
    author =       "Reuven M. Lerner",
    title =        "At the forge: CouchDB",
    journal =      "Linux Journal",
    volume =       "195",
    pages =        "8",
    year =         "2010"
}